<record><leader>00000cas a22000007a 4500</leader><controlfield tag="001">15242903</controlfield><controlfield tag="008">870226d18901971inuwr ne      0    0eng d</controlfield><datafield ind1=" " ind2=" " tag="010"><subfield code="a">sn 87055361 </subfield></datafield><datafield ind1=" " ind2=" " tag="040"><subfield code="a">NPI</subfield><subfield code="b">eng</subfield><subfield code="c">NPI</subfield><subfield code="d">OCLCQ</subfield></datafield><datafield ind1=" " ind2=" " tag="042"><subfield code="a">msc</subfield></datafield><datafield ind1="0" ind2="4" tag="245"><subfield code="a">The Mulberry reporter.</subfield></datafield><datafield ind1=" " ind2=" " tag="260"><subfield code="a">Mulberry, Ind. :</subfield><subfield code="b">W.N. Clark,</subfield><subfield code="c">-1971.</subfield></datafield><datafield ind1=" " ind2=" " tag="310"><subfield code="a">Weekly</subfield></datafield><datafield ind1="1" ind2=" " tag="362"><subfield code="a">Began in 1890.</subfield></datafield><datafield ind1="0" ind2=" " tag="362"><subfield code="a">-81st year, no. 18 (May 6, 1971).</subfield></datafield><datafield ind1=" " ind2=" " tag="588"><subfield code="a">Description based on: 38th year, no. 35 (Jan. 20, 1928).</subfield></datafield><datafield ind1=" " ind2=" " tag="752"><subfield code="a">United States</subfield><subfield code="b">Indiana</subfield><subfield code="c">Clinton</subfield><subfield code="d">Mulberry.</subfield></datafield><datafield ind1="0" ind2="7" tag="785"><subfield code="t">Rossville record</subfield></datafield><datafield ind1="0" ind2="7" tag="785"><subfield code="t">Mulberry reporter Rossville record</subfield><subfield code="w">(DLC)sn 87055362</subfield></datafield></record>